@inproceedings{Dautenhahn:Nested:2015,
  address = {Istanbul, Turkey},
  series = {(ASPLOS '15)},
  title = {Nested {{Kernel}}: {{An Operating System Architecture}} for {{Intra}}-{{Kernel Privilege Separation}}},
  isbn = {978-1-4503-2835-7},
  shorttitle = {Nested {{Kernel}}},
  doi = {10.1145/2694344.2694386},
  booktitle = {Proceedings of the {{20th International Conference}} on {{Architectural Support}} for {{Programming Languages}} and {{Operating Systems}}},
  publisher = {{ACM}},
  author = {Dautenhahn, Nathan and Kasampalis, Theodoros and Dietz, Will and Criswell, John and Adve, Vikram},
  year = {2015},
  pages = {191--206},
}
